<record><leader>00000cas a22000001a 4500</leader><controlfield tag="001">32019816</controlfield><controlfield tag="007">hd bfa014baaa</controlfield><controlfield tag="008">950218d19681973nmu x nea     0    0spa c</controlfield><datafield ind1=" " ind2=" " tag="010"><subfield code="a">sn 94080784 </subfield></datafield><datafield ind1=" " ind2=" " tag="040"><subfield code="a">MH</subfield><subfield code="b">eng</subfield><subfield code="c">RQM</subfield><subfield code="d">NYS</subfield><subfield code="d">OCLCQ</subfield><subfield code="d">OCLCF</subfield><subfield code="d">OCLCO</subfield></datafield><datafield ind1=" " ind2=" " tag="012"><subfield code="i">9411</subfield></datafield><datafield ind1="0" ind2=" " tag="041"><subfield code="a">engspa</subfield></datafield><datafield ind1=" " ind2=" " tag="042"><subfield code="a">pcc</subfield></datafield><datafield ind1=" " ind2=" " tag="043"><subfield code="a">n-us-nm</subfield></datafield><datafield ind1="0" ind2="3" tag="245"><subfield code="a">El Grito del norte</subfield><subfield code="h">[microform].</subfield></datafield><datafield ind1=" " ind2=" " tag="260"><subfield code="a">Espanola, N.M. :</subfield><subfield code="b">El Grito del Norte</subfield></datafield><datafield ind1=" " ind2=" " tag="300"><subfield code="a">v.</subfield></datafield><datafield ind1=" " ind2=" " tag="310"><subfield code="a">Irregular</subfield></datafield><datafield ind1="0" ind2=" " tag="362"><subfield code="a">Vol. 1, no. 1 (Aug. 24, 1968)-v. 6, no. 6 (July-Aug. 1973).</subfield></datafield><datafield ind1=" " ind2=" " tag="500"><subfield code="a">Published Oct. 1972-Aug. 1973 in Las Vegas, N.M.</subfield></datafield><datafield ind1=" " ind2=" " tag="546"><subfield code="a">In English and Spanish.</subfield></datafield><datafield ind1=" " ind2=" " tag="533"><subfield code="a">Microfilm.</subfield><subfield code="m">v.4-v.6:no. 6 (1971-1973):[Gaps]</subfield><subfield code="b">Cambridge, Mass. :</subfield><subfield code="c">Harvard University Library Microreprographic Service,</subfield><subfield code="d">1976.</subfield><subfield code="e">1 microfilm reel ; 35 mm.</subfield></datafield><datafield ind1=" " ind2="0" tag="650"><subfield code="a">Underground press publications</subfield><subfield code="z">New Mexico.</subfield></datafield><datafield ind1=" " ind2="0" tag="650"><subfield code="a">Hispanic Americans</subfield><subfield code="z">New Mexico</subfield><subfield code="v">Newspapers.</subfield></datafield><datafield ind1=" " ind2="0" tag="651"><subfield code="a">Espanola (N.M.)</subfield><subfield code="v">Newspapers.</subfield></datafield><datafield ind1=" " ind2="0" tag="651"><subfield code="a">Las Vegas (N.M.)</subfield><subfield code="v">Newspapers.</subfield></datafield><datafield ind1=" " ind2="0" tag="651"><subfield code="a">Rio Arriba County (N.M.)</subfield><subfield code="v">Newspapers.</subfield></datafield><datafield ind1=" " ind2="0" tag="651"><subfield code="a">San Miguel County (N.M.)</subfield><subfield code="v">Newspapers.</subfield></datafield><datafield ind1=" " ind2="7" tag="655"><subfield code="a">Newspapers.</subfield><subfield code="2">fast</subfield><subfield code="0">(OCoLC)fst01423814</subfield></datafield><datafield ind1=" " ind2="7" tag="650"><subfield code="a">Hispanic Americans.</subfield><subfield code="2">fast</subfield><subfield code="0">(OCoLC)fst00957523</subfield></datafield><datafield ind1=" " ind2="7" tag="650"><subfield code="a">Underground press publications.</subfield><subfield code="2">fast</subfield><subfield code="0">(OCoLC)fst01160984</subfield></datafield><datafield ind1=" " ind2="7" tag="651"><subfield code="a">New Mexico.</subfield><subfield code="2">fast</subfield><subfield code="0">(OCoLC)fst01204269</subfield></datafield><datafield ind1=" " ind2="7" tag="651"><subfield code="a">New Mexico</subfield><subfield code="z">Espanola.</subfield><subfield code="2">fast</subfield><subfield code="0">(OCoLC)fst01220473</subfield></datafield><datafield ind1=" " ind2="7" tag="651"><subfield code="a">New Mexico</subfield><subfield code="z">Las Vegas.</subfield><subfield code="2">fast</subfield><subfield code="0">(OCoLC)fst01216596</subfield></datafield><datafield ind1=" " ind2="7" tag="651"><subfield code="a">New Mexico</subfield><subfield code="z">Rio Arriba County.</subfield><subfield code="2">fast</subfield><subfield code="0">(OCoLC)fst01220265</subfield></datafield><datafield ind1=" " ind2="7" tag="651"><subfield code="a">New Mexico</subfield><subfield code="z">San Miguel County.</subfield><subfield code="2">fast</subfield><subfield code="0">(OCoLC)fst01209378</subfield></datafield><datafield ind1=" " ind2=" " tag="752"><subfield code="a">United States</subfield><subfield code="b">New Mexico</subfield><subfield code="c">Rio Arriba</subfield><subfield code="d">Espanola.</subfield></datafield><datafield ind1="1" ind2=" " tag="776"><subfield code="c">Original</subfield><subfield code="w">(DLC)sn 88084211</subfield><subfield code="w">(OCoLC)18436812</subfield></datafield><datafield ind1=" " ind2=" " tag="850"><subfield code="a">MH</subfield><subfield code="a">MH (master)</subfield></datafield></record>